@article{google,
	author = "et. al, Nair",
	title = "Solving Mixed Integer Programs Using Neural Networks",
	journal = "ArXiv",
	year = "2020",
	DOI = "https://arxiv.org/pdf/math/0411298v1.pdf",
}
@article{l2b,
	author = "et. al, Lodi",
	title = "Learning to Schedule Heuristics in Branch-and-Bound",
	journal = "ArXiv",
	year = "2019",
	DOI = "https://arxiv.org/abs/2103.10294",
}
@article{ws,
	author = "Ralphs",
	title = "Warm Starting Mixed Integer Programs",
	journal = "COR@L",
	year = "2006",
	DOI = "https://coral.ise.lehigh.edu/~ted/files/papers/DMII06.pdf",
}
@article{guz,
	author = "Guzelsoy, Ralphs",
	title = "Duality for mixed-integer linear programs",
	journal = "COR@L",
	year = "2007",
	DOI = "https://www.researchgate.net/publication/228383307_Duality_for_mixed-integer_linear_programs",
}
@article{aleks,
	author = "Balas and Kazachov",
	title = "V-Polyhedral Disjunctive Cuts",
	journal = "N/A",
	year = "2021",
}
@article{liftproject,
	author = "Egon Balas, Sebastián Ceria, and Gérard Cornuéjols",
	title = "A lift-and-project cutting plane algorithm for mixed 0-1 programs",
	journal = "Math. Program.",
	year = "1993",
}
@article{anahita,
	author = "Ralphs and Hassanzedeh",
	title = "On the Value Function of a Mixed Integer Linear Optimization Problem and an Algorithm for Its Construction",
	journal = "COR@L",
	year = "2014",
	DOI = "https://coral.ise.lehigh.edu/~ted/files/papers/MILPValueFunction14.pdf",
}